<?xml version="1.0" encoding="UTF-8"?><collection xmlns="http://www.loc.gov/MARC21/slim"><record><leader>00440nam--2200157-i-4500</leader><controlfield tag="001">000013665</controlfield><controlfield tag="002">20161230</controlfield><controlfield tag="005">20170221111217</controlfield><controlfield tag="008">060222s1000------------r-----000-0-eng-d</controlfield><datafield ind1=" " ind2=" " tag="040"><subfield code="a">IFIN-HH</subfield></datafield><datafield ind1=" " ind2=" " tag="080"><subfield code="a">539.14</subfield></datafield><datafield ind1="1" ind2=" " tag="100"><subfield code="a">Bohr, Aage And Mottelson, Ben R</subfield></datafield><datafield ind1="1" ind2="0" tag="245"><subfield code="a">Nuclear structure nuclear deformations</subfield></datafield><datafield ind1=" " ind2=" " tag="260"><subfield code="a">New York, W.A.Benjamin, Inc., 1975. XVII + 748 P</subfield><subfield code="c">vol II</subfield></datafield><datafield ind1=" " ind2=" " tag="852"><subfield code="a">31828</subfield><subfield code="c">539.14</subfield></datafield><datafield ind1=" " ind2=" " tag="CAT"><subfield code="a">SYS</subfield><subfield code="c">20170221</subfield><subfield code="h">111217</subfield></datafield></record></collection>